@book{Aho:72,
    author  = {Alfred V. Aho and Jeffrey D. Ullman},
    title   = {The Theory of Parsing, Translation and Compiling},
    year    = "1972",
    volume  = "1",
    publisher = {Prentice-Hall},
    address = {Englewood Cliffs, NJ}
}

@book{APA:83,
    author  = {{American Psychological Association}},
    title   = {Publications Manual},
    year    = "1983",
   publisher = {American Psychological Association},
   address = {Washington, DC}
}

@article{ACM:83,
	author = {Association for Computing Machinery},
	year = "1983",
	journal = {Computing Reviews},
	volume = "24",
	number = "11",
	pages = "503--512"
}

@article{Chandra:81,
	author = {Ashok K. Chandra and Dexter C. Kozen and Larry J. Stockmeyer},
	year = "1981",
	title = {Alternation},
	journal = {Journal of the Association for Computing Machinery},
	volume = "28",
	number = "1",
	pages = "114--133",
	doi = "10.1145/322234.322243",
}

@book{Gusfield:97,
    author  = {Dan Gusfield},
    title   = {Algorithms on Strings, Trees and Sequences},
    year    = "1997",
    publisher = {Cambridge University Press},
    address = {Cambridge, UK}
}

@InProceedings{Li,
  author =	"Li, Jiwei and Monroe, Will and Galley, Michel and Gao, Jianfeng and Jurafsky, Dan",
  title =    "Deep Reinforcement Learning for Dialogue Generation",
  booktitle = "Proceedings of the 2016 Conference on Empirical Methods in Natural Language Processing ",
  year =    "2016",
  publisher =	"Association for Computational Linguistics",
  pages =   "1192--1202",
  location =	"Austin, Texas",
}

@InProceedings{Sutskever,
  author =  "Sutskever, Ilya and Vinyals, Oriol and Le, Quoc V",
  title =    "Sequence to sequence learning with neural networks",
  booktitle = "Advances in neural information processing systems",
  year =    "2014",
  publisher = "Association for Computational Linguistics",
  pages =   "3104--3112",
}

@InProceedings{C14-1001,
  author =	"Harper, Mary",
  title = 	"Learning from 26 Languages: Program Management and Science in the Babel Program",
  booktitle = 	"Proceedings of COLING 2014, the 25th International Conference on Computational Linguistics: Technical Papers",
  year =    "2014",
  publisher =	"Dublin City University and Association for Computational Linguistics",
  pages =   "1",
  location =	"Dublin, Ireland",
  url =    "http://aclweb.org/anthology/C14-1001"
}

% @InProceedings{Vinyals:15,
%   author =  "Vinyals, Oriol",
%   title =   "A Neural Conversational Model",
%   booktitle =   "Proceedings of the 31st International Conference on Machine Learning",
%   year =    "2015",
%   location =  "Lille, France",
%   url =    "https://arxiv.org/abs/1506.05869"
% }



