@InProceedings{Li,
  author =  "Li et al., Jiwei",
  title =    "Deep Reinforcement Learning for Dialogue Generation",
  booktitle = "Proceedings of the 2016 Conference on Empirical Methods in Natural Language Processing ",
  year =    "2016",
  publisher =	"Association for Computational Linguistics",
  pages =   "1192--1202",
  location =	"Austin, Texas",
}

@InProceedings{Sutskever,
  author =  "Sutskever, Ilya and Vinyals, Oriol and Le, Quoc V",
  title =    "Sequence to sequence learning with neural networks",
  booktitle = "Advances in neural information processing systems",
  year =    "2014",
  publisher = "Association for Computational Linguistics",
  pages =   "3104--3112",
}

@InProceedings{Vinyals:15,
  author =  "Vinyals, Oriol and Le, Quoc V.",
  title =   "A Neural Conversational Model",
  booktitle =   "Proceedings of the 31st International Conference on Machine Learning",
  year =    "2015",
  location =  "Lille, France",
  url =    "https://arxiv.org/abs/1506.05869"
}

@InProceedings{Serban:15,
  author =  "Serban et al., Iulian",
  title =   "Building End-To-End Dialogue Systems Using Generative Hierarchical Neural Network Models",
  year =    "2015",
  url =    "https://arxiv.org/abs/1506.05869"
}
