
@InProceedings{Li,
  author =  "Jiwei Li",
  title =    "Deep Reinforcement Learning for Dialogue Generation",
  booktitle = "Proceedings of the 2016 Conference on Empirical Methods in Natural Language Processing ",
  year =    "2016",
  publisher =   "Association for Computational Linguistics",
  pages =   "1192--1202",
  location =    "Austin, Texas",
}

@InProceedings{Sutskever,
  author =  "Ilya Sutskever, Oriol Vinyals, Quoc V. Le",
  title =    "Sequence to sequence learning with neural networks",
  booktitle = "Advances in neural information processing systems",
  year =    "2014",
  publisher = "Association for Computational Linguistics",
  pages =   "3104--3112",
}

@InProceedings{Vinyals,
  author =  "Oriol Vinyals and Quoc V. Le",
  title =   "A Neural Conversational Model",
  booktitle =   "Proceedings of the 31st International Conference on Machine Learning",
  year =    "2015",
  location =  "Lille, France",
  url =    "https://arxiv.org/abs/1506.05869"
}

@InProceedings{Serban,
  author =  "Iulian V. Serban",
  title =   "Building End-To-End Dialogue Systems Using Generative Hierarchical Neural Network Models",
  booktitle = "Association for the Advancement of Artificial Intelligence",
  year =    "2015",
  url =    "https://arxiv.org/abs/1506.05869"
}

@InProceedings{Sordoni,
  author =  "Alessandro Sordoni",
  title =   "A Hierarchical Recurrent Encoder-Decoder for Generative Context-Aware Query Suggestion",
  booktitle = "Conference of Information Knowledge and Management",
  year =    "2015",
}

@InProceedings{Ranzato,
  author =  "Marc' Aurelio Ranzato, Sumit Chopra, Michael Auli",
  title =   "Sequence level training with recurrent neural networks",
  booktitle = "International Conference on Learning Representations",
  year =    "2016",
}

@article{Williams,
  author =  "Ronald J. Williams",
  title =   "Simple statistical gradient-following algorithms for connectionist reinforcement learning",
  journal = "Machine Learning",
  volume = "8",
  number = "3-4",
  pages = "229-256",
  year =    "1992",
}

@article{Behnke,
    author =       "J{\"o}rg St{\"u}ckler, Johannes Schwenk, Sven Behnke",
    title =        "{Getting Back on Two Feet: Reliable Standing-up Routines for a Humanoid Robot}.",
    journal =      "IOS Press",
    year =         "2003",
}
@article{Konidaris,
    author =       "George Konidaris, Sarah Osentoski, Philip Thomas",
    title =        "{Value Function Approximation in Reinforcement Learning using the Fourier Basis}.",
    journal =      "Association for the Advancement of Artificial Intelligence",
    year =         "2011",
}

@article{Riley,
    author =       "Patrick Riley, Manuela Veloso",
    title =        "{Advice Generation from Observed Execution: Abstract Markov Decision Process Learning}.",
    journal =      "In Proceedings of the Nineteenth National Conference on Artificial Intelligence (AAAI-2004)",
    year =         "2004",
}  

